<record><leader>00000cas a22000007a 4500</leader><controlfield tag="001">27920364</controlfield><controlfield tag="008">930414d18811895scuwr ne      0    0eng d</controlfield><datafield ind1=" " ind2=" " tag="010"><subfield code="a">sn 93067696 </subfield></datafield><datafield ind1=" " ind2=" " tag="040"><subfield code="a">SVN</subfield><subfield code="b">eng</subfield><subfield code="c">SVN</subfield><subfield code="d">OCLCQ</subfield></datafield><datafield ind1=" " ind2=" " tag="042"><subfield code="a">msc</subfield></datafield><datafield ind1="0" ind2="4" tag="245"><subfield code="a">The Clarendon enterprise.</subfield></datafield><datafield ind1=" " ind2=" " tag="260"><subfield code="a">Manning, S.C. :</subfield><subfield code="b">S.A. Nettles</subfield></datafield><datafield ind1=" " ind2=" " tag="300"><subfield code="a">v.</subfield></datafield><datafield ind1=" " ind2=" " tag="310"><subfield code="a">Weekly</subfield></datafield><datafield ind1="1" ind2=" " tag="362"><subfield code="a">Began in 1881; ceased in 1895?</subfield></datafield><datafield ind1=" " ind2=" " tag="588"><subfield code="a">Description based on: Vol. 15, no. 41 (Nov. 6, 1882).</subfield></datafield><datafield ind1=" " ind2="4" tag="651"><subfield code="a">Clarendon County (S.C.)</subfield><subfield code="v">Newspapers.</subfield></datafield><datafield ind1=" " ind2=" " tag="752"><subfield code="a">United States</subfield><subfield code="b">South Carolina</subfield><subfield code="c">Clarendon</subfield><subfield code="d">Manning.</subfield></datafield><datafield ind1="0" ind2="0" tag="780"><subfield code="t">Clarendon press</subfield><subfield code="w">(DLC)sn 84026911</subfield></datafield></record>